<record><leader>00000cas a22000001  4500</leader><controlfield tag="001">31852440</controlfield><controlfield tag="007">hd bfb016baca</controlfield><controlfield tag="007">hd bfb016baaa</controlfield><controlfield tag="008">950118u1975uuuunyumn n a     0   a0eng c</controlfield><datafield ind1=" " ind2=" " tag="010"><subfield code="a">sn 94080723 </subfield></datafield><datafield ind1=" " ind2=" " tag="040"><subfield code="a">NN</subfield><subfield code="b">eng</subfield><subfield code="c">RQM</subfield><subfield code="d">OCL</subfield><subfield code="d">OCLCQ</subfield><subfield code="d">OCLCO</subfield><subfield code="d">OCLCQ</subfield></datafield><datafield ind1=" " ind2=" " tag="012"><subfield code="i">9410</subfield></datafield><datafield ind1="1" ind2=" " tag="022"><subfield code="a">0273-186X</subfield><subfield code="l">0273-186X</subfield><subfield code="2">1</subfield></datafield><datafield ind1=" " ind2=" " tag="037"><subfield code="b">PSC/CUNY, 25 West 43d St., Suite 620, New York, NY 10036</subfield></datafield><datafield ind1=" " ind2=" " tag="042"><subfield code="a">pcc</subfield></datafield><datafield ind1=" " ind2="4" tag="050"><subfield code="a">LB1778</subfield><subfield code="b">.N53</subfield></datafield><datafield ind1="2" ind2=" " tag="110"><subfield code="a">Professional Staff Congress/City University of New York.</subfield></datafield><datafield ind1=" " ind2="0" tag="222"><subfield code="a">PSCcuny clarion</subfield></datafield><datafield ind1="1" ind2="0" tag="245"><subfield code="a">PSCcuny clarion.</subfield></datafield><datafield ind1="3" ind2=" " tag="246"><subfield code="a">Professional Staff Congress City University of New York clarion</subfield></datafield><datafield ind1="1" ind2="0" tag="246"><subfield code="a">Clarion</subfield></datafield><datafield ind1=" " ind2=" " tag="260"><subfield code="a">New York,</subfield><subfield code="b">PSC/CUNY.</subfield></datafield><datafield ind1=" " ind2=" " tag="300"><subfield code="a">volumes</subfield><subfield code="b">illustrations</subfield><subfield code="c">37 cm</subfield></datafield><datafield ind1=" " ind2=" " tag="336"><subfield code="a">text</subfield><subfield code="b">txt</subfield><subfield code="2">rdacontent</subfield></datafield><datafield ind1=" " ind2=" " tag="337"><subfield code="a">microform</subfield><subfield code="b">h</subfield><subfield code="2">rdamedia</subfield></datafield><datafield ind1=" " ind2=" " tag="338"><subfield code="a">microfilm reel</subfield><subfield code="b">hd</subfield><subfield code="2">rdacarrier</subfield></datafield><datafield ind1="0" ind2=" " tag="362"><subfield code="a">v. 4, no. 6- ; Mar. 10, 1975-</subfield></datafield><datafield ind1=" " ind2=" " tag="500"><subfield code="a">"Official newspaper of the Professional Staff Congress/City University of New York."</subfield></datafield><datafield ind1=" " ind2=" " tag="515"><subfield code="a">Published during the academic year.</subfield></datafield><datafield ind1=" " ind2=" " tag="533"><subfield code="a">Microfilm.</subfield><subfield code="m">v.4-8 (1975-1979) On film with related titles.</subfield><subfield code="b">New York :</subfield><subfield code="c">New York Public Library,</subfield><subfield code="d">[19--].</subfield><subfield code="e">1 microfilm reel ; 35 mm.</subfield></datafield><datafield ind1="2" ind2=" " tag="710"><subfield code="a">Professional Staff Congress/City University of New York.</subfield><subfield code="t">Clarion.</subfield></datafield><datafield ind1="1" ind2=" " tag="776"><subfield code="c">Original</subfield><subfield code="w">(DLC)sc 80000932</subfield></datafield><datafield ind1="0" ind2="0" tag="780"><subfield code="t">Clarion (Professional Staff Congress/City University of New York)</subfield><subfield code="w">(DLC)sn 94080112</subfield></datafield><datafield ind1=" " ind2=" " tag="850"><subfield code="a">NN</subfield><subfield code="a">NN (master)</subfield></datafield><datafield ind1="1" ind2=" " tag="029"><subfield code="a">AU@</subfield><subfield code="b">000025868104</subfield></datafield></record>